@article{dorigo2006ant,
  title={Ant colony optimization},
  author={Dorigo, Marco and Birattari, Mauro and Stutzle, Thomas},
  journal={IEEE computational intelligence magazine},
  volume={1},
  number={4},
  pages={28--39},
  year={2006},
  publisher={IEEE}
}

@inproceedings{auler2014addressing,
  title={Addressing JavaScript JIT engines performance quirks: A crowdsourced adaptive compiler},
  author={Auler, Rafael and Borin, Edson and de Halleux, Peli and Moskal, Micha{\l} and Tillmann, Nikolai},
  booktitle={International Conference on Compiler Construction},
  pages={218--237},
  year={2014},
  organization={Springer}
}

@electronic{githubtowerdef,
 author = {Github},
 title = {Visited on 09.11.2017; \url{https://github.com/search?q=tower+defense}}
}

@electronic{libsreact,
 author = {Facebook; React - A JavaScript Library for building user interfaces},
 title = {Visited on 09.11.2017; \url{https://reactjs.org/}}
}

@electronic{libsreactvelocity,
 author = {Google; React components for Velocity.js},
 title = {Visited on 09.11.2017; \url{https://github.com/google-fabric/velocity-react}}
}

@electronic{libstypescript,
 author = {Microsoft; TypeScript - JavaScript that scales},
 title = {Visited on 09.11.2017; \url{http://www.typescriptlang.org/}}
}

@electronic{libsjest,
 author = {Facebook; Jest - Delightful JavaScript Testing},
 title = {Visited on 09.11.2017; \url{https://facebook.github.io/jest/}}
}

@article{curran2012future,
  title={The future of web and mobile game development},
  author={Curran, Kevin and George, Ciaran},
  journal={International Journal of Cloud Computing and Services Science},
  volume={1},
  number={1},
  pages={25},
  year={2012},
  publisher={IAES Institute of Advanced Engineering and Science}
}

@book{goodman2002dynamic,
  title={Dynamic HTML: The Definitive Reference: A Comprehensive Resource for HTML, CSS, DOM \& JavaScript},
  author={Goodman, Danny},
  year={2002},
  publisher={" O'Reilly Media, Inc."}
}

@incollection{maniezzo2002ant,
  title={Ant colony optimization: an overview},
  author={Maniezzo, Vittorio and Carbonaro, Antonella},
  booktitle={Essays and surveys in metaheuristics},
  pages={469--492},
  year={2002},
  publisher={Springer}
}

@article{zecchin2007ant,
  title={Ant colony optimization applied to water distribution system design: comparative study of five algorithms},
  author={Zecchin, Aaron C and Maier, Holger R and Simpson, Angus R and Leonard, Michael and Nixon, John B},
  journal={Journal of Water Resources Planning and Management},
  volume={133},
  number={1},
  pages={87--92},
  year={2007},
  publisher={American Society of Civil Engineers}
}

@article{hernandez2015mathematics,
  title={Mathematics learning opportunities when playing a tower defense game},
  author={Hern{\'a}ndez-Sabat{\'e}, Aura and Joanpere, Meritxell and Gorgori{\'o}, N{\'u}ria and Albarrac{\'\i}n, Llu{\'\i}s},
  journal={International Journal of Serious Games},
  volume={2},
  number={4},
  pages={57--71},
  year={2015}
}


@article{blum2005ant,
  title={Ant colony optimization: Introduction and recent trends},
  author={Blum, Christian},
  journal={Physics of Life reviews},
  volume={2},
  number={4},
  pages={353--373},
  year={2005},
  publisher={Elsevier}
}


@article{cordon2002review,
  title={A review on the ant colony optimization metaheuristic: Basis, models and new trends},
  author={Cord{\'o}n Garc{\'\i}a, Oscar and Herrera Triguero, Francisco and St{\"u}tzle, Thomas},
  journal={Mathware \& soft computing. 2002 Vol. 9 N{\'u}m. 2 [-3]},
  year={2002},
  publisher={Universitat Polit{\`e}cnica de Catalunya. Secci{\'o} de Matem{\`a}tiques i Inform{\`a}tica}
}


@article{deneubourg1990self,
  title={The self-organizing exploratory pattern of the argentine ant},
  author={Deneubourg, J-L and Aron, Serge and Goss, Simon and Pasteels, Jacques Marie},
  journal={Journal of insect behavior},
  volume={3},
  number={2},
  pages={159--168},
  year={1990},
  publisher={Springer}
}


@misc{dorigo2006introduction,
  title={An introduction to ant colony optimization},
  author={Dorigo, Marco and Socha, Krzysztof},
  journal={Handbook of Approximation Algorithms and Metaheuristics},
  pages={26--1},
  year={2006}
}


@article{gambardella1999macs,
  title={MACS-VRPTW: A multiple ant colony system for vehicle routing problems with time windows},
  author={Gambardella, Luca Maria and Taillard, {\'E}ric and Agazzi, Giovanni},
  year={1999},
  publisher={Istituto Dalle Molle Di Studi Sull Intelligenza Artificiale}
}


@incollection{dorigo2010ant,
  title={Ant colony optimization: overview and recent advances},
  author={Dorigo, Marco and St{\"u}tzle, Thomas},
  booktitle={Handbook of metaheuristics},
  pages={227--263},
  year={2010},
  publisher={Springer}
}

@inproceedings{dorigo2001experimental,
  title={An experimental study of the simple ant colony optimization algorithm},
  author={Dorigo, Marco and St{\"u}tzle, Thomas},
  booktitle={2001 WSES International Conference on Evolutionary Computation (EC01)},
  pages={253--258},
  year={2001}
}


@article{korb2007ant,
  title={An ant colony optimization approach to flexible protein--ligand docking},
  author={Korb, Oliver and St{\"u}tzle, Thomas and Exner, Thomas E},
  journal={Swarm Intelligence},
  volume={1},
  number={2},
  pages={115--134},
  year={2007},
  publisher={Springer}
}

@article{dorigo1997ant,
  title={Ant colony system: a cooperative learning approach to the traveling salesman problem},
  author={Dorigo, Marco and Gambardella, Luca Maria},
  journal={IEEE Transactions on evolutionary computation},
  volume={1},
  number={1},
  pages={53--66},
  year={1997},
  publisher={IEEE}
}

@incollection{stutzle1999max,
  title={The max-min ant system and local search for combinatorial optimization problems},
  author={St{\"u}tzle, Thomas and Hoos, Holger},
  booktitle={Meta-heuristics},
  pages={313--329},
  year={1999},
  publisher={Springer}
}


@article{laird2001human,
  title={Human-level AI's killer application: Interactive computer games},
  author={Laird, John and VanLent, Michael},
  journal={AI magazine},
  volume={22},
  number={2},
  pages={15},
  year={2001}
}

@incollection{tan2013automated,
  title={Automated evaluation for AI controllers in tower defense game using genetic algorithm},
  author={Tan, Tse Guan and Yong, Yung Nan and Chin, Kim On and Teo, Jason and Alfred, Rayner},
  booktitle={Soft Computing Applications and Intelligent Systems},
  pages={135--146},
  year={2013},
  publisher={Springer}
}

@inproceedings{avery2011computational,
  title={Computational intelligence and tower defence games},
  author={Avery, Phillipa and Togelius, Julian and Alistar, Elvis and Van Leeuwen, Robert Pieter},
  booktitle={Evolutionary Computation (CEC), 2011 IEEE Congress on},
  pages={1084--1091},
  year={2011},
  organization={IEEE}
}

@inproceedings{huo2009application,
  title={Application and comparison of particle swarm optimization and genetic algorithm in strategy defense game},
  author={Huo, Peng and Shiu, Simon CK and Wang, Haibo and Niu, Ben},
  booktitle={Natural Computation, 2009. ICNC'09. Fifth International Conference on},
  volume={5},
  pages={387--392},
  year={2009},
  organization={IEEE}
}

@article{ariyadicreep,
  title={Creep Offenses Evolution in Tower Defense Games using NSGA-II},
  author={Ariyadi, Supeno Mardi SN and Purnomo, Mauridhi H}
}


@inproceedings{guimarans2016multi,
  title={A multi-start simheuristic for the stochastic two-dimensional vehicle routing problem},
  author={Guimarans, Daniel and Dominguez, Oscar and Juan, Angel A and Martinez, Enoc},
  booktitle={Proceedings of the 2016 Winter Simulation Conference},
  pages={2326--2334},
  year={2016},
  organization={IEEE Press}
}